<record><leader>00000cas a22000007a 4500</leader><controlfield tag="001">38111771</controlfield><controlfield tag="008">971218d19181919akuwr ne      0    0eng d</controlfield><datafield ind1=" " ind2=" " tag="010"><subfield code="a">sn 97060089 </subfield></datafield><datafield ind1=" " ind2=" " tag="040"><subfield code="a">ANE</subfield><subfield code="b">eng</subfield><subfield code="c">ANE</subfield><subfield code="d">OCL</subfield><subfield code="d">OCLCQ</subfield><subfield code="d">OCLCF</subfield><subfield code="d">OCLCO</subfield></datafield><datafield ind1="1" ind2=" " tag="029"><subfield code="a">AU@</subfield><subfield code="b">000013651639</subfield></datafield><datafield ind1=" " ind2=" " tag="042"><subfield code="a">msc</subfield></datafield><datafield ind1=" " ind2=" " tag="043"><subfield code="a">n-us-ak</subfield></datafield><datafield ind1="0" ind2="0" tag="245"><subfield code="a">Weekly Nome industrial worker.</subfield></datafield><datafield ind1="1" ind2="3" tag="246"><subfield code="a">Nome industrial worker weekly</subfield></datafield><datafield ind1=" " ind2=" " tag="260"><subfield code="a">Nome, Alaska :</subfield><subfield code="b">Nome Mine Workers' Union No. 240, Western Federation of Miners,</subfield><subfield code="c">1918-1919.</subfield></datafield><datafield ind1=" " ind2=" " tag="300"><subfield code="a">1 v.</subfield></datafield><datafield ind1=" " ind2=" " tag="310"><subfield code="a">Weekly</subfield></datafield><datafield ind1="0" ind2=" " tag="362"><subfield code="a">Vol. 12, no. 2638 (Nov. 16, 1918)-v. 12, no. 2670 (June 28, 1919).</subfield></datafield><datafield ind1=" " ind2="0" tag="650"><subfield code="a">Labor unions</subfield><subfield code="z">Alaska</subfield><subfield code="z">Nome</subfield><subfield code="v">Newspapers.</subfield></datafield><datafield ind1=" " ind2="0" tag="651"><subfield code="a">Nome (Alaska)</subfield><subfield code="v">Newspapers.</subfield></datafield><datafield ind1=" " ind2="7" tag="655"><subfield code="a">Newspapers.</subfield><subfield code="2">fast</subfield><subfield code="0">(OCoLC)fst01423814</subfield></datafield><datafield ind1=" " ind2="7" tag="650"><subfield code="a">Labor unions.</subfield><subfield code="2">fast</subfield><subfield code="0">(OCoLC)fst00990260</subfield></datafield><datafield ind1=" " ind2="7" tag="651"><subfield code="a">Alaska</subfield><subfield code="z">Nome.</subfield><subfield code="2">fast</subfield><subfield code="0">(OCoLC)fst01217568</subfield></datafield><datafield ind1="2" ind2=" " tag="710"><subfield code="a">Western Federation of Miners.</subfield><subfield code="b">Local 240 (Nome, Alaska)</subfield></datafield><datafield ind1=" " ind2=" " tag="752"><subfield code="a">United States</subfield><subfield code="b">Alaska</subfield><subfield code="d">Nome.</subfield></datafield><datafield ind1="0" ind2="0" tag="780"><subfield code="t">Daily Nome industrial worker</subfield><subfield code="w">(DLC)sn 96094905</subfield><subfield code="w">(OCoLC)14363649</subfield></datafield></record>